@book{Disney,
author={RH Disney},
publisher={GOlden/Disney},
year={2007},
title={Walt Disney's Peter Pan}
}

@book{Barrie,
author={J.M.Barrie},
publisher={Kingman Books},
year={2016},
title={Peter Pan}
}